@article{genc2019optimal,
  title={Optimal training and test sets design for machine learning},
  author={Genç, Burak and Tunç, Hakan},
  journal={Turkish Journal of Electrical Engineering and Computer Sciences},
  volume={27},
  number={2},
  pages={1534--1545},
  year={2019},
  publisher={The Scientific and Technological Research Council of Turkey},
  doi={10.3906/elk-1807-212},
  url={https://doi.org/10.3906/elk-1807-212}
}

@misc{machinelearning2020,
  title={MACHINE LEARNING [R17A0534]},
  year={2020},
  url={https://mrcet.com/downloads/digital_notes/CSE/IV%20Year/MACHINE%20LEARNING(R17A0534).pdf}
}

@book{howard2020deep,
  title={Deep Learning for Coders with fastai and PyTorch: AI Applications Without a PhD},
  author={Howard, Jeremy and Gugger, Sylvain},
  year={2020},
  edition={1st},
  publisher={O'Reilly Media},
  url={https://books.google.no/books?id=xd6LxgEACAAJ}
}

@book{farnham2019hands,
  title={Hands-on Machine Learning with Scikit-Learn, Keras, and TensorFlow: Concepts, Tools, and Techniques to Build Intelligent Systems},
  author={Farnham, Brian and Tokyo, Smith and Boston, Ben and Sebastopol, Frank and Beijing, Tom},
  edition={2nd},
  year={2019},
  publisher={O'Reilly Media}
}
